<?xml version="1.0" encoding="UTF-8"?><collection xmlns="http://www.loc.gov/MARC21/slim"><record><leader>00363nam--2200133-i-4500</leader><controlfield tag="001">000027624</controlfield><controlfield tag="002">20161230</controlfield><controlfield tag="005">20161230201036</controlfield><controlfield tag="008">060222s1000------------r-----000-0-eng-d</controlfield><datafield ind1=" " ind2=" " tag="080"><subfield code="a">546:548.3</subfield></datafield><datafield ind1=" " ind2=" " tag="100"><subfield code="a">Krebs, H</subfield></datafield><datafield ind1=" " ind2=" " tag="245"><subfield code="a">Fundamentals of inorganic crystal chemistry. translated by p.h.l.walter</subfield></datafield><datafield ind1=" " ind2=" " tag="260"><subfield code="a">London, Mcgraw-hill, 1968, Xv + 405p</subfield></datafield><datafield ind1=" " ind2=" " tag="852"><subfield code="a">77312</subfield></datafield></record></collection>